@misc{Hall,
author = {Hall, Brian "Beej Jorgensen"},
title = {{Beej's Guide to Network Programming}},
note = { \url{http://beej.us/guide/bgnet/output/html/multipage/index.html}},
urldate = {21/02/14}
}

@article{stevens1997tcp,
  title={TCP slow start, congestion avoidance, fast retransmit, and fast recovery algorithms},
  author={Stevens, W Richard},
  note = {\url{http://tools.ietf.org/html/rfc2001}},
  year={1997}
}

@article{postel1980user,
  title={ User datagram protocol},
  author={ Postel, Jon},
  journal={Isi},
  note = {\url{http://tools.ietf.org/html/rfc768}},
  year={1980}
}

@article{bruno,
  title={Códigos das aplicações apresentadas e extras},
  author={Bruno Pereira},
  journal={UFMG},
  note = {\url{https://copy.com/r1XTNWP4H3aM}},
  year={2014}
}

@article{bruno:slide,
  title={Apresentação},
  author={Bruno Pereira},
  journal={UFMG},
  note = { \url{https://copy.com/94BD03mWisUf}},
  year={2014}
}

@book{peterson2007computer,
  title={ Computer networks: a systems approach},
  author={ Peterson, Larry L and Davie, Bruce S},
  year={2007},
  publisher={Elsevier}
}